@misc{wood2016polkadot,
    author  = {Gavin Wood},
    title   = "Polkadot: Vision for a Heterogeneous Multi-chain Framework",
    howpublished = "\url{https://polkadot.network/PolkaDotPaper.pdf}",
    year    = "2016",
}
@misc{kwon2016cosmos,
  title={Cosmos: A Network of Distributed Ledgers},
  author={Jae Kwon, Ethan Buchman},
  howpublished = "\url{https://github.com/cosmos/cosmos/blob/master/WHITEPAPER.md}",
  year={2016}
}
@misc{goes2020ibc,
  title={The Interblockchain Communication Protocol: An Overview},
  author={Christopher Goes},
  howpublished = "\url{https://arxiv.org/pdf/2006.15918.pdf}",
  year={2020}
}
